@misc{Khan1, 
  url = "https://www.khanacademy.org/math/calculus/differential-calculus",
  author = "S. Khan", 
  title = "Taking Derivatives",
  year = "2013",
}

@book{Maths, 
  author = "Carl P Simon and Lawrence Blume", 
  title = "Mathematics for Economists", 
  publisher = {Norton, London}, 
  year = "1994", 
}

@book{Text, 
  author = "John Sloman and Alison Wride and Dean Garrett",
  title = "Economics", 
  publisher = "Pearson", 
  edition = "8",
  year = "2013",
}